<?xml version="1.0" encoding="UTF-8"?><collection xmlns="http://www.loc.gov/MARC21/slim"><record><leader>00420nam--2200133-i-4500</leader><controlfield tag="001">000036795</controlfield><controlfield tag="002">20161230</controlfield><controlfield tag="005">20161230201041</controlfield><controlfield tag="008">060222s1000------------r-----000-0-eng-d</controlfield><datafield ind1=" " ind2=" " tag="080"><subfield code="a">620.179.15(043)</subfield></datafield><datafield ind1=" " ind2=" " tag="100"><subfield code="a">Popa,Vasile</subfield></datafield><datafield ind1=" " ind2=" " tag="245"><subfield code="a">Contributii la dezvoltarea si aplicarea metodei gamagrafice la controlul nedistructiv al otelurilor cu surse de 192 ir. 77. teza</subfield></datafield><datafield ind1=" " ind2=" " tag="260"><subfield code="a">Bucuresti, Ifa.,1974. P.Dif</subfield></datafield><datafield ind1=" " ind2=" " tag="852"><subfield code="a">31655</subfield></datafield></record></collection>